<record><leader>00000cas a2200000 a 4500</leader><controlfield tag="001">1763675</controlfield><controlfield tag="008">751101d18341850ohuwr ne      0    0eng c</controlfield><datafield ind1=" " ind2=" " tag="010"><subfield code="a">sn 88077200 </subfield></datafield><datafield ind1=" " ind2=" " tag="040"><subfield code="a">MUL</subfield><subfield code="b">eng</subfield><subfield code="c">MUL</subfield><subfield code="d">BTI</subfield><subfield code="d">ONP</subfield><subfield code="d">PPM</subfield><subfield code="d">ONP</subfield><subfield code="d">MGN</subfield><subfield code="d">ONP</subfield><subfield code="d">YOX</subfield><subfield code="d">DLC</subfield><subfield code="d">ATL</subfield><subfield code="d">NVF</subfield><subfield code="d">OCL</subfield><subfield code="d">NVF</subfield><subfield code="d">ATL</subfield><subfield code="d">NVF</subfield><subfield code="d">OCL</subfield><subfield code="d">KRTAS</subfield><subfield code="d">OCLCQ</subfield><subfield code="d">OCLCF</subfield><subfield code="d">OCLCO</subfield><subfield code="d">OCLCA</subfield></datafield><datafield ind1="1" ind2=" " tag="029"><subfield code="a">AU@</subfield><subfield code="b">000005781094</subfield></datafield><datafield ind1=" " ind2=" " tag="042"><subfield code="a">pcc</subfield></datafield><datafield ind1=" " ind2=" " tag="043"><subfield code="a">n-us-oh</subfield></datafield><datafield ind1=" " ind2="4" tag="050"><subfield code="a">BX9877</subfield></datafield><datafield ind1="0" ind2=" " tag="130"><subfield code="a">Religious telescope (Circleville, Ohio : 1834)</subfield></datafield><datafield ind1="1" ind2="0" tag="245"><subfield code="a">Religious telescope.</subfield></datafield><datafield ind1=" " ind2=" " tag="260"><subfield code="a">Circleville, Ohio :</subfield><subfield code="b">Trustees,</subfield><subfield code="c">1834-1850.</subfield></datafield><datafield ind1=" " ind2=" " tag="300"><subfield code="a">v.</subfield></datafield><datafield ind1=" " ind2=" " tag="310"><subfield code="a">Weekly,</subfield><subfield code="b">July 30, 1845-1850</subfield></datafield><datafield ind1=" " ind2=" " tag="321"><subfield code="a">Semimonthly,</subfield><subfield code="b">1834-July 16, 1845</subfield></datafield><datafield ind1="0" ind2=" " tag="362"><subfield code="a">Vol. 1, no. 1 (Dec. 31, 1834)-v. 7, no. 15 (July 21, 1841) ; n.s., v. 1, no. 1 (Aug. 4, 1841)-n.s., v. 10, no. 4 (Aug. 21, 1850).</subfield></datafield><datafield ind1=" " ind2=" " tag="515"><subfield code="a">Issues for Dec. 30, 1835-Aug. 21, 1850 called also whole no. 27-534.</subfield></datafield><datafield ind1=" " ind2=" " tag="530"><subfield code="a">Also issued on microfilm by American Theological Library Association.</subfield></datafield><datafield ind1=" " ind2=" " tag="550"><subfield code="a">Official publication of the Church of the United Brethren in Christ.</subfield></datafield><datafield ind1="2" ind2="0" tag="610"><subfield code="a">Church of the United Brethren in Christ (New constitution)</subfield><subfield code="z">Ohio</subfield><subfield code="v">Newspapers.</subfield></datafield><datafield ind1=" " ind2="0" tag="651"><subfield code="a">Circleville (Ohio)</subfield><subfield code="v">Newspapers.</subfield></datafield><datafield ind1=" " ind2="0" tag="651"><subfield code="a">Pickaway County (Ohio)</subfield><subfield code="v">Newspapers.</subfield></datafield><datafield ind1=" " ind2="0" tag="651"><subfield code="a">Montgomery County (Ohio)</subfield><subfield code="v">Newspapers.</subfield></datafield><datafield ind1=" " ind2="7" tag="655"><subfield code="a">Newspapers.</subfield><subfield code="2">fast</subfield><subfield code="0">(OCoLC)fst01423814</subfield></datafield><datafield ind1="2" ind2="7" tag="610"><subfield code="a">Church of the United Brethren in Christ (New constitution)</subfield><subfield code="2">fast</subfield><subfield code="0">(OCoLC)fst00541687</subfield></datafield><datafield ind1=" " ind2="7" tag="651"><subfield code="a">Ohio.</subfield><subfield code="2">fast</subfield><subfield code="0">(OCoLC)fst01205075</subfield></datafield><datafield ind1=" " ind2="7" tag="651"><subfield code="a">Ohio</subfield><subfield code="z">Circleville.</subfield><subfield code="2">fast</subfield><subfield code="0">(OCoLC)fst01222377</subfield></datafield><datafield ind1=" " ind2="7" tag="651"><subfield code="a">Ohio</subfield><subfield code="z">Montgomery County.</subfield><subfield code="2">fast</subfield><subfield code="0">(OCoLC)fst01211918</subfield></datafield><datafield ind1=" " ind2="7" tag="651"><subfield code="a">Ohio</subfield><subfield code="z">Pickaway County.</subfield><subfield code="2">fast</subfield><subfield code="0">(OCoLC)fst01209813</subfield></datafield><datafield ind1="2" ind2=" " tag="710"><subfield code="a">Church of the United Brethren in Christ (New constitution)</subfield></datafield><datafield ind1=" " ind2=" " tag="752"><subfield code="a">United States</subfield><subfield code="b">Ohio</subfield><subfield code="c">Pickaway</subfield><subfield code="d">Circleville.</subfield></datafield><datafield ind1="1" ind2=" " tag="776"><subfield code="c">Microfilm</subfield><subfield code="d">American Theological Library Association</subfield><subfield code="w">(DLC)sn 99016467</subfield><subfield code="w">(OCoLC)9694033</subfield></datafield><datafield ind1="0" ind2="8" tag="776"><subfield code="i">Online version:</subfield><subfield code="t">Religious telescope (Circleville, Ohio : 1834)</subfield><subfield code="w">(OCoLC)658881328</subfield></datafield><datafield ind1="0" ind2="0" tag="785"><subfield code="t">Religious telescope (Circleville, Ohio : 1850)</subfield><subfield code="w">(DLC)sn 99016468</subfield><subfield code="w">(OCoLC)42921186</subfield></datafield><datafield ind1=" " ind2=" " tag="938"><subfield code="a">Kirtas Technologies, Inc.</subfield><subfield code="b">KRTS</subfield><subfield code="n">733945</subfield></datafield></record>